
@inproceedings{pintos,
 author = {Pfaff, Ben and Romano, Anthony and Back, Godmar},
 title = {The Pintos Instructional Operating System Kernel},
 booktitle = {Proceedings of the 40th ACM Technical Symposium on Computer Science Education},
 series = {SIGCSE '09},
 year = {2009},
 isbn = {978-1-60558-183-5},
 location = {Chattanooga, TN, USA},
 pages = {453--457},
 numpages = {5},
 url = {http://doi.acm.org/10.1145/1508865.1509023},
 doi = {10.1145/1508865.1509023},
 acmid = {1509023},
 publisher = {ACM},
 address = {New York, NY, USA},
 keywords = {instructional kernel, instructional operating system, pintos},
} 

@BOOK{intelSys,
   title = {Intel 64 and IA-32 Architectures Software Developer's Manual Volume 3 (3A, 3B, 3C \& 3D): System Programming Guide},
   publisher = {Intel},
   edition = {059US},
   year = {2016},
   }

@BOOK{intelInstr,
   title = {Intel 64 and IA-32 Architectures Software Developer's Manual Volume 2 (2A, 2B, 2C \& 2D): Instruction Set Reference, A-Z},
   publisher = {Intel},
   edition = {059US},
   year = {2016},
   }

@BOOK{intelPch,
   title = {Intel 9 Series Chipset Family Platform Controller Hub (PCH)},
   publisher = {Intel},
   edition = {330550-002},
   year = {June 2015},
   }

@BOOK{acpiRef,
   title = {Advanced Configuration and Power Interface  Specification},
   edition = {6.0},
	 publisher = {Hewlett-Packard Corporation and Intel Corporation and Phoenix Technologies Ltd. and Toshiba Corporation},
   year = {2015},
   }

@BOOK{asoiaf,
   title = {A Song of Ice and Fire series},
	author = {George R. R. Martin},
   year = {1996 - present},
   }

@misc{gnuMultiboot, 
 title = {{Multiboot Specification}},
 howpublished = "\url{http://www.gnu.org/software/grub/manual/multiboot/multiboot.html}",
 publisher = {Free Software Foundation, Inc}
}

@misc{visualStd,
	title = {{Visual Studio}},
	howpublished = "\url{https://www.visualstudio.com/}",
	publisher = {Microsoft Corporation}
	}
	
@misc{visualAssist,
	title = {{Visual Assist}},
	howpublished = "\url{http://www.wholetomato.com/}"
	}
	
@misc{bitbucket,
	title = {{Bitbucket}},
	howpublished = "\url{https://bitbucket.org/}"
	}
	
@misc{tortoiseHg,
	title = {{Tortoise Hg}},
	howpublished = "\url{http://tortoisehg.bitbucket.org/}"
	}

@misc{msdnSAL,
	title = {{Microsoft SAL}},
	howpublished = "\url{https://msdn.microsoft.com/en-us/library/ms235402.aspx}"
	}

@misc{git,
	title = {{Git}},
	howpublished = "\url{https://git-scm.com/}"
	}
	

@misc{tftpd,
	title = {{TFTPD}},
	howpublished = "\url{http://tftpd32.jounin.net/}"
	}	

@misc{vmware,
	title = {{VMWare}},
	howpublished = "\url{http://www.vmware.com/}"
	}	
	

@misc{2001aspaceOdyssey,
	title = {{2001: A space Odyssey}},
	howpublished = "\url{http://www.imdb.com/title/tt0062622/}"
}

@misc{msdnPE,
	title = {{Peering Inside the PE: A Tour of the Win32 Portable Executable File Format}},
	howpublished = "\url{https://msdn.microsoft.com/en-us/library/ms809762.aspx}",
}

@misc{IDA,
	title = {{Hex-Rays IDA}},
	howpublished = "\url{https://www.hex-rays.com/products/ida/}",
}

@misc{osdev,
	title = {{OS Development}},
	howpublished = "\url{http://wiki.osdev.org/Main_Page}",
}

@misc{osdever,
	title = {{Bona fide os developer}},
	howpublished = "\url{http://www.osdever.net/}",
}

@misc{x64-calling-convention,
	title = {{x64 Calling Convention}},
	howpublished = "\url{https://docs.microsoft.com/en-us/cpp/build/x64-calling-convention?view=msvc-160}",
}

